@ARTICLE{2019AJ....158...13N,
       author = {{Nielsen}, Eric L. and {De Rosa}, Robert J. and {Macintosh}, Bruce and
         {Wang}, Jason J. and {Ruffio}, Jean-Baptiste and {Chiang}, Eugene and
         {Marley}, Mark S. and {Saumon}, Didier and {Savransky}, Dmitry and
         {Ammons}, S. Mark and {Bailey}, Vanessa P. and {Barman}, Travis and
         {Blain}, C{\'e}lia and {Bulger}, Joanna and {Burrows}, Adam and
         {Chilcote}, Jeffrey and {Cotten}, Tara and {Czekala}, Ian and
         {Doyon}, Rene and {Duch{\^e}ne}, Gaspard and {Esposito}, Thomas M. and
         {Fabrycky}, Daniel and {Fitzgerald}, Michael P. and
         {Follette}, Katherine B. and {Fortney}, Jonathan J. and
         {Gerard}, Benjamin L. and {Goodsell}, Stephen J. and
         {Graham}, James R. and {Greenbaum}, Alexandra Z. and {Hibon}, Pascale and
         {Hinkley}, Sasha and {Hirsch}, Lea A. and {Hom}, Justin and
         {Hung}, Li-Wei and {Dawson}, Rebekah Ilene and {Ingraham}, Patrick and
         {Kalas}, Paul and {Konopacky}, Quinn and {Larkin}, James E. and
         {Lee}, Eve J. and {Lin}, Jonathan W. and {Maire}, J{\'e}r{\^o}me and
         {Marchis}, Franck and {Marois}, Christian and {Metchev}, Stanimir and
         {Millar-Blanchaer}, Maxwell A. and {Morzinski}, Katie M. and
         {Oppenheimer}, Rebecca and {Palmer}, David and {Patience}, Jennifer and
         {Perrin}, Marshall and {Poyneer}, Lisa and {Pueyo}, Laurent and
         {Rafikov}, Roman R. and {Rajan}, Abhijith and {Rameau}, Julien and
         {Rantakyr{\"o}}, Fredrik T. and {Ren}, Bin and {Schneider}, Adam C. and
         {Sivaramakrishnan}, Anand and {Song}, Inseok and {Soummer}, Remi and
         {Tallis}, Melisa and {Thomas}, Sandrine and {Ward-Duong}, Kimberly and
         {Wolff}, Schuyler},
        title = "{The Gemini Planet Imager Exoplanet Survey: Giant Planet and Brown Dwarf Demographics from 10 to 100 au}",
      journal = {\aj},
     keywords = {instrumentation: adaptive optics, planetary systems, planets and satellites: detection, Astrophysics - Earth and Planetary Astrophysics},
         year = "2019",
        month = "Jul",
       volume = {158},
       number = {1},
          eid = {13},
        pages = {13},
          doi = {10.3847/1538-3881/ab16e9},
archivePrefix = {arXiv},
       eprint = {1904.05358},
 primaryClass = {astro-ph.EP},
       adsurl = {https://ui.adsabs.harvard.edu/abs/2019AJ....158...13N},
      adsnote = {Provided by the SAO/NASA Astrophysics Data System}
}

@ARTICLE{2018AJ....156..196R,
       author = {{Ruffio}, Jean-Baptiste and {Mawet}, Dimitri and {Czekala}, Ian and
         {Macintosh}, Bruce and {De Rosa}, Robert J. and {Ruane}, Garreth and
         {Bottom}, Michael and {Pueyo}, Laurent and {Wang}, Jason J. and
         {Hirsch}, Lea and {Zhu}, Zhaohuan and {Nielsen}, Eric L.},
        title = "{A Bayesian Framework for Exoplanet Direct Detection and Non-detection}",
      journal = {\aj},
     keywords = {instrumentation: adaptive optics, instrumentation: high angular resolution, methods: statistical, planetary systems, planetâ”€disk interactions, planets and satellites: detection, Astrophysics - Earth and Planetary Astrophysics, Astrophysics - Instrumentation and Methods for Astrophysics},
         year = "2018",
        month = "Nov",
       volume = {156},
       number = {5},
          eid = {196},
        pages = {196},
          doi = {10.3847/1538-3881/aade95},
archivePrefix = {arXiv},
       eprint = {1809.08261},
 primaryClass = {astro-ph.EP},
       adsurl = {https://ui.adsabs.harvard.edu/abs/2018AJ....156..196R},
      adsnote = {Provided by the SAO/NASA Astrophysics Data System}
}

@ARTICLE{2018AJ....155..182L,
       author = {{Loomis}, Ryan A. and {{\"O}berg}, Karin I. and {Andrews}, Sean M. and
         {Walsh}, Catherine and {Czekala}, Ian and {Huang}, Jane and
         {Rosenfeld}, Katherine A.},
        title = "{Detecting Weak Spectral Lines in Interferometric Data through Matched Filtering}",
      journal = {\aj},
     keywords = {methods: data analysis, protoplanetary disks, radio lines: general, submillimeter: planetary systems, techniques: interferometric, techniques: spectroscopic, Astrophysics - Instrumentation and Methods for Astrophysics},
         year = "2018",
        month = "Apr",
       volume = {155},
       number = {4},
          eid = {182},
        pages = {182},
          doi = {10.3847/1538-3881/aab604},
archivePrefix = {arXiv},
       eprint = {1803.04987},
 primaryClass = {astro-ph.IM},
       adsurl = {https://ui.adsabs.harvard.edu/abs/2018AJ....155..182L},
      adsnote = {Provided by the SAO/NASA Astrophysics Data System}
}

@ARTICLE{2018ApJ...852...81L,
       author = {{Lunnan}, R. and {Chornock}, R. and {Berger}, E. and {Jones}, D.~O. and
         {Rest}, A. and {Czekala}, I. and {Dittmann}, J. and {Drout}, M.~R. and
         {Foley}, R.~J. and {Fong}, W. and {Kirshner}, R.~P. and {Laskar}, T. and
         {Leibler}, C.~N. and {Margutti}, R. and {Milisavljevic}, D. and
         {Narayan}, G. and {Pan}, Y. -C. and {Riess}, A.~G. and {Roth}, K.~C. and
         {Sanders}, N.~E. and {Scolnic}, D. and {Smartt}, S.~J. and
         {Smith}, K.~W. and {Chambers}, K.~C. and {Draper}, P.~W. and
         {Flewelling}, H. and {Huber}, M.~E. and {Kaiser}, N. and
         {Kudritzki}, R.~P. and {Magnier}, E.~A. and {Metcalfe}, N. and
         {Wainscoat}, R.~J. and {Waters}, C. and {Willman}, M.},
        title = "{Hydrogen-poor Superluminous Supernovae from the Pan-STARRS1 Medium Deep Survey}",
      journal = {\apj},
     keywords = {supernovae: general, Astrophysics - High Energy Astrophysical Phenomena},
         year = "2018",
        month = "Jan",
       volume = {852},
       number = {2},
          eid = {81},
        pages = {81},
          doi = {10.3847/1538-4357/aa9f1a},
archivePrefix = {arXiv},
       eprint = {1708.01619},
 primaryClass = {astro-ph.HE},
       adsurl = {https://ui.adsabs.harvard.edu/abs/2018ApJ...852...81L},
      adsnote = {Provided by the SAO/NASA Astrophysics Data System}
}

@ARTICLE{2017AJ....154...24R,
       author = {{Ricci}, L. and {Cazzoletti}, P. and {Czekala}, I. and {Andrews}, S.~M. and
         {Wilner}, D. and {Sz{\H{u}}cs}, L. and {Lodato}, G. and {Testi}, L. and
         {Pascucci}, I. and {Mohanty}, S. and {Apai}, D. and {Carpenter}, J.~M. and
         {Bowler}, B.~P.},
        title = "{ALMA Observations of the Young Substellar Binary System 2M1207}",
      journal = {\aj},
     keywords = {circumstellar matter, planets and satellites: formation, stars: individual: 2M1207, submillimeter: stars, Astrophysics - Earth and Planetary Astrophysics, Astrophysics - Astrophysics of Galaxies, Astrophysics - Solar and Stellar Astrophysics},
         year = "2017",
        month = "Jul",
       volume = {154},
       number = {1},
          eid = {24},
        pages = {24},
          doi = {10.3847/1538-3881/aa78a0},
archivePrefix = {arXiv},
       eprint = {1706.03708},
 primaryClass = {astro-ph.EP},
       adsurl = {https://ui.adsabs.harvard.edu/abs/2017AJ....154...24R},
      adsnote = {Provided by the SAO/NASA Astrophysics Data System}
}

@ARTICLE{2017AJ....154...10R,
       author = {{Rajan}, Abhijith and {Rameau}, Julien and {De Rosa}, Robert J. and
         {Marley}, Mark S. and {Graham}, James R. and {Macintosh}, Bruce and
         {Marois}, Christian and {Morley}, Caroline and {Patience}, Jennifer and
         {Pueyo}, Laurent and {Saumon}, Didier and {Ward-Duong}, Kimberly and
         {Ammons}, S. Mark and {Arriaga}, Pauline and {Bailey}, Vanessa P. and
         {Barman}, Travis and {Bulger}, Joanna and {Burrows}, Adam S. and
         {Chilcote}, Jeffrey and {Cotten}, Tara and {Czekala}, Ian and
         {Doyon}, Rene and {Duch{\^e}ne}, Gaspard and {Esposito}, Thomas M. and
         {Fitzgerald}, Michael P. and {Follette}, Katherine B. and
         {Fortney}, Jonathan J. and {Goodsell}, Stephen J. and {Greenbaum}, Alexand
        ra Z. and {Hibon}, Pascale and {Hung}, Li-Wei and {Ingraham}, Patrick and
         {Johnson-Groh}, Mara and {Kalas}, Paul and {Konopacky}, Quinn and
         {Lafreni{\`e}re}, David and {Larkin}, James E. and
         {Maire}, J{\'e}r{\^o}me and {Marchis}, Franck and {Metchev}, Stanimir and
         {Millar-Blanchaer}, Maxwell A. and {Morzinski}, Katie M. and
         {Nielsen}, Eric L. and {Oppenheimer}, Rebecca and {Palmer}, David and
         {Patel}, Rahul I. and {Perrin}, Marshall and {Poyneer}, Lisa and
         {Rantakyr{\"o}}, Fredrik T. and {Ruffio}, Jean-Baptiste and
         {Savransky}, Dmitry and {Schneider}, Adam C. and {Sivaramakrishnan}, Anand
         and {Song}, Inseok and {Soummer}, R{\'e}mi and {Thomas}, Sandrine and
         {Vasisht}, Gautam and {Wallace}, J. Kent and {Wang}, Jason J. and
         {Wiktorowicz}, Sloane and {Wolff}, Schuyler},
        title = "{Characterizing 51 Eri b from 1 to 5 {\ensuremath{\mu}}m: A Partly Cloudy Exoplanet}",
      journal = {\aj},
     keywords = {instrumentation: adaptive optics, planets and satellites: atmospheres, planets and satellites: composition, planets and satellites: gaseous planets, stars: individual: 51 Eridani, Astrophysics - Earth and Planetary Astrophysics},
         year = "2017",
        month = "Jul",
       volume = {154},
       number = {1},
          eid = {10},
        pages = {10},
          doi = {10.3847/1538-3881/aa74db},
archivePrefix = {arXiv},
       eprint = {1705.03887},
 primaryClass = {astro-ph.EP},
       adsurl = {https://ui.adsabs.harvard.edu/abs/2017AJ....154...10R},
      adsnote = {Provided by the SAO/NASA Astrophysics Data System}
}

@ARTICLE{2017ApJ...842...14R,
       author = {{Ruffio}, Jean-Baptiste and {Macintosh}, Bruce and {Wang}, Jason J. and
         {Pueyo}, Laurent and {Nielsen}, Eric L. and {De Rosa}, Robert J. and
         {Czekala}, Ian and {Marley}, Mark S. and {Arriaga}, Pauline and
         {Bailey}, Vanessa P. and {Barman}, Travis and {Bulger}, Joanna and
         {Chilcote}, Jeffrey and {Cotten}, Tara and {Doyon}, Rene and
         {Duch{\^e}ne}, Gaspard and {Fitzgerald}, Michael P. and
         {Follette}, Katherine B. and {Gerard}, Benjamin L. and
         {Goodsell}, Stephen J. and {Graham}, James R. and {Greenbaum}, Alexand
        ra Z. and {Hibon}, Pascale and {Hung}, Li-Wei and {Ingraham}, Patrick and
         {Kalas}, Paul and {Konopacky}, Quinn and {Larkin}, James E. and
         {Maire}, J{\'e}r{\^o}me and {Marchis}, Franck and {Marois}, Christian and
         {Metchev}, Stanimir and {Millar-Blanchaer}, Maxwell A. and
         {Morzinski}, Katie M. and {Oppenheimer}, Rebecca and {Palmer}, David and
         {Patience}, Jennifer and {Perrin}, Marshall and {Poyneer}, Lisa and
         {Rajan}, Abhijith and {Rameau}, Julien and {Rantakyr{\"o}}, Fredrik T. and
         {Savransky}, Dmitry and {Schneider}, Adam C. and {Sivaramakrishnan}, Anand
         and {Song}, Inseok and {Soummer}, Remi and {Thomas}, Sandrine and
         {Wallace}, J. Kent and {Ward-Duong}, Kimberly and
         {Wiktorowicz}, Sloane and {Wolff}, Schuyler},
        title = "{Improving and Assessing Planet Sensitivity of the GPI Exoplanet Survey with a Forward Model Matched Filter}",
      journal = {\apj},
     keywords = {instrumentation: adaptive optics, methods: statistical, planetary systems, surveys, techniques: high angular resolution, techniques: image processing, Astrophysics - Earth and Planetary Astrophysics, Astrophysics - Instrumentation and Methods for Astrophysics},
         year = "2017",
        month = "Jun",
       volume = {842},
       number = {1},
          eid = {14},
        pages = {14},
          doi = {10.3847/1538-4357/aa72dd},
archivePrefix = {arXiv},
       eprint = {1705.05477},
 primaryClass = {astro-ph.EP},
       adsurl = {https://ui.adsabs.harvard.edu/abs/2017ApJ...842...14R},
      adsnote = {Provided by the SAO/NASA Astrophysics Data System}
}

@ARTICLE{2017ApJ...836..200G,
       author = {{Gully-Santiago}, Michael A. and {Herczeg}, Gregory J. and
         {Czekala}, Ian and {Somers}, Garrett and {Grankin}, Konstantin and
         {Covey}, Kevin R. and {Donati}, J.~F. and {Alencar}, Silvia H.~P. and
         {Hussain}, Gaitee A.~J. and {Shappee}, Benjamin J. and
         {Mace}, Gregory N. and {Lee}, Jae-Joon and {Holoien}, T.~W. -S. and
         {Jose}, Jessy and {Liu}, Chun-Fan},
        title = "{Placing the Spotted T Tauri Star LkCa 4 on an HR Diagram}",
      journal = {\apj},
     keywords = {stars: fundamental parameters, stars: individual: LkCa 4, stars: low-mass, stars: statistics, Astrophysics - Solar and Stellar Astrophysics, Astrophysics - Instrumentation and Methods for Astrophysics},
         year = "2017",
        month = "Feb",
       volume = {836},
       number = {2},
          eid = {200},
        pages = {200},
          doi = {10.3847/1538-4357/836/2/200},
archivePrefix = {arXiv},
       eprint = {1701.06703},
 primaryClass = {astro-ph.SR},
       adsurl = {https://ui.adsabs.harvard.edu/abs/2017ApJ...836..200G},
      adsnote = {Provided by the SAO/NASA Astrophysics Data System}
}

@ARTICLE{2017ApJ...835...17M,
       author = {{MacGregor}, Meredith A. and {Wilner}, David J. and {Czekala}, Ian and
         {Andrews}, Sean M. and {Dai}, Y. Sophia and {Herczeg}, Gregory J. and
         {Kratter}, Kaitlin M. and {Kraus}, Adam L. and {Ricci}, Luca and
         {Testi}, Leonardo},
        title = "{ALMA Measurements of Circumstellar Material in the GQ Lup System}",
      journal = {\apj},
     keywords = {circumstellar matter, stars: individual: GQ Lup, submillimeter: planetary systems, Astrophysics - Solar and Stellar Astrophysics, Astrophysics - Earth and Planetary Astrophysics},
         year = "2017",
        month = "Jan",
       volume = {835},
       number = {1},
          eid = {17},
        pages = {17},
          doi = {10.3847/1538-4357/835/1/17},
archivePrefix = {arXiv},
       eprint = {1611.06229},
 primaryClass = {astro-ph.SR},
       adsurl = {https://ui.adsabs.harvard.edu/abs/2017ApJ...835...17M},
      adsnote = {Provided by the SAO/NASA Astrophysics Data System}
}

@ARTICLE{2016ApJ...832..110C,
       author = {{Cleeves}, L. Ilsedore and {{\"O}berg}, Karin I. and {Wilner}, David J. and
         {Huang}, Jane and {Loomis}, Ryan A. and {Andrews}, Sean M. and
         {Czekala}, Ian},
        title = "{The Coupled Physical Structure of Gas and Dust in the IM Lup Protoplanetary Disk}",
      journal = {\apj},
     keywords = {accretion, accretion disks, astrochemistry, circumstellar matter, stars: individual: IM Lup, stars: pre-main sequence, techniques: imaging spectroscopy, Astrophysics - Solar and Stellar Astrophysics, Astrophysics - Astrophysics of Galaxies},
         year = "2016",
        month = "Dec",
       volume = {832},
       number = {2},
          eid = {110},
        pages = {110},
          doi = {10.3847/0004-637X/832/2/110},
archivePrefix = {arXiv},
       eprint = {1610.00715},
 primaryClass = {astro-ph.SR},
       adsurl = {https://ui.adsabs.harvard.edu/abs/2016ApJ...832..110C},
      adsnote = {Provided by the SAO/NASA Astrophysics Data System}
}

@ARTICLE{2016ApJ...830...11V,
       author = {{Villar}, V.~A. and {Berger}, E. and {Chornock}, R. and {Margutti}, R. and
         {Laskar}, T. and {Brown}, P.~J. and {Blanchard}, P.~K. and
         {Czekala}, I. and {Lunnan}, R. and {Reynolds}, M.~T.},
        title = "{The Intermediate Luminosity Optical Transient SN 2010da: The Progenitor, Eruption, and Aftermath of a Peculiar Supergiant High-mass X-Ray Binary}",
      journal = {\apj},
     keywords = {stars: mass-loss, supernovae: individual: SN 2010da, X-rays: binaries, Astrophysics - Solar and Stellar Astrophysics, Astrophysics - High Energy Astrophysical Phenomena},
         year = "2016",
        month = "Oct",
       volume = {830},
       number = {1},
          eid = {11},
        pages = {11},
          doi = {10.3847/0004-637X/830/1/11},
archivePrefix = {arXiv},
       eprint = {1605.07245},
 primaryClass = {astro-ph.SR},
       adsurl = {https://ui.adsabs.harvard.edu/abs/2016ApJ...830...11V},
      adsnote = {Provided by the SAO/NASA Astrophysics Data System}
}

@ARTICLE{2014ApJ...797..118F,
       author = {{Fransson}, Claes and {Ergon}, Mattias and {Challis}, Peter J. and
         {Chevalier}, Roger A. and {France}, Kevin and {Kirshner}, Robert P. and
         {Marion}, G.~H. and {Milisavljevic}, Dan and {Smith}, Nathan and
         {Bufano}, Filomena and {Friedman}, Andrew S. and {Kangas}, Tuomas and
         {Larsson}, Josefin and {Mattila}, Seppo and {Benetti}, Stefano and
         {Chornock}, Ryan and {Czekala}, Ian and {Soderberg}, Alicia and
         {Sollerman}, Jesper},
        title = "{High-density Circumstellar Interaction in the Luminous Type IIn SN 2010jl: The First 1100 Days}",
      journal = {\apj},
     keywords = {circumstellar matter, stars: mass-loss, supernovae: general, supernovae: individual: SN 2010jl, Astrophysics - High Energy Astrophysical Phenomena, Astrophysics - Solar and Stellar Astrophysics},
         year = "2014",
        month = "Dec",
       volume = {797},
       number = {2},
          eid = {118},
        pages = {118},
          doi = {10.1088/0004-637X/797/2/118},
archivePrefix = {arXiv},
       eprint = {1312.6617},
 primaryClass = {astro-ph.HE},
       adsurl = {https://ui.adsabs.harvard.edu/abs/2014ApJ...797..118F},
      adsnote = {Provided by the SAO/NASA Astrophysics Data System}
}

@ARTICLE{2014ApJ...795...44R,
       author = {{Rest}, A. and {Scolnic}, D. and {Foley}, R.~J. and {Huber}, M.~E. and
         {Chornock}, R. and {Narayan}, G. and {Tonry}, J.~L. and {Berger}, E. and
         {Soderberg}, A.~M. and {Stubbs}, C.~W. and {Riess}, A. and
         {Kirshner}, R.~P. and {Smartt}, S.~J. and {Schlafly}, E. and
         {Rodney}, S. and {Botticella}, M.~T. and {Brout}, D. and {Challis}, P. and
         {Czekala}, I. and {Drout}, M. and {Hudson}, M.~J. and {Kotak}, R. and
         {Leibler}, C. and {Lunnan}, R. and {Marion}, G.~H. and {McCrum}, M. and
         {Milisavljevic}, D. and {Pastorello}, A. and {Sanders}, N.~E. and
         {Smith}, K. and {Stafford}, E. and {Thilker}, D. and {Valenti}, S. and
         {Wood-Vasey}, W.~M. and {Zheng}, Z. and {Burgett}, W.~S. and
         {Chambers}, K.~C. and {Denneau}, L. and {Draper}, P.~W. and
         {Flewelling}, H. and {Hodapp}, K.~W. and {Kaiser}, N. and
         {Kudritzki}, R. -P. and {Magnier}, E.~A. and {Metcalfe}, N. and
         {Price}, P.~A. and {Sweeney}, W. and {Wainscoat}, R. and {Waters}, C.},
        title = "{Cosmological Constraints from Measurements of Type Ia Supernovae Discovered during the First 1.5 yr of the Pan-STARRS1 Survey}",
      journal = {\apj},
     keywords = {cosmological parameters, cosmology: observations, dark energy, supernovae: general, Astrophysics - Cosmology and Nongalactic Astrophysics},
         year = "2014",
        month = "Nov",
       volume = {795},
       number = {1},
          eid = {44},
        pages = {44},
          doi = {10.1088/0004-637X/795/1/44},
archivePrefix = {arXiv},
       eprint = {1310.3828},
 primaryClass = {astro-ph.CO},
       adsurl = {https://ui.adsabs.harvard.edu/abs/2014ApJ...795...44R},
      adsnote = {Provided by the SAO/NASA Astrophysics Data System}
}

@ARTICLE{2014ApJ...795...45S,
       author = {{Scolnic}, D. and {Rest}, A. and {Riess}, A. and {Huber}, M.~E. and
         {Foley}, R.~J. and {Brout}, D. and {Chornock}, R. and {Narayan}, G. and
         {Tonry}, J.~L. and {Berger}, E. and {Soderberg}, A.~M. and
         {Stubbs}, C.~W. and {Kirshner}, R.~P. and {Rodney}, S. and
         {Smartt}, S.~J. and {Schlafly}, E. and {Botticella}, M.~T. and
         {Challis}, P. and {Czekala}, I. and {Drout}, M. and {Hudson}, M.~J. and
         {Kotak}, R. and {Leibler}, C. and {Lunnan}, R. and {Marion}, G.~H. and
         {McCrum}, M. and {Milisavljevic}, D. and {Pastorello}, A. and {Sand
        ers}, N.~E. and {Smith}, K. and {Stafford}, E. and {Thilker}, D. and
         {Valenti}, S. and {Wood-Vasey}, W.~M. and {Zheng}, Z. and
         {Burgett}, W.~S. and {Chambers}, K.~C. and {Denneau}, L. and
         {Draper}, P.~W. and {Flewelling}, H. and {Hodapp}, K.~W. and
         {Kaiser}, N. and {Kudritzki}, R. -P. and {Magnier}, E.~A. and
         {Metcalfe}, N. and {Price}, P.~A. and {Sweeney}, W. and
         {Wainscoat}, R. and {Waters}, C.},
        title = "{Systematic Uncertainties Associated with the Cosmological Analysis of the First Pan-STARRS1 Type Ia Supernova Sample}",
      journal = {\apj},
     keywords = {dark energy, supernovae: general, Astrophysics - Cosmology and Nongalactic Astrophysics},
         year = "2014",
        month = "Nov",
       volume = {795},
       number = {1},
          eid = {45},
        pages = {45},
          doi = {10.1088/0004-637X/795/1/45},
archivePrefix = {arXiv},
       eprint = {1310.3824},
 primaryClass = {astro-ph.CO},
       adsurl = {https://ui.adsabs.harvard.edu/abs/2014ApJ...795...45S},
      adsnote = {Provided by the SAO/NASA Astrophysics Data System}
}

@ARTICLE{2014MNRAS.437..656M,
       author = {{McCrum}, M. and {Smartt}, S.~J. and {Kotak}, R. and {Rest}, A. and
         {Jerkstrand}, A. and {Inserra}, C. and {Rodney}, S.~A. and
         {Chen}, T. -W. and {Howell}, D.~A. and {Huber}, M.~E. and
         {Pastorello}, A. and {Tonry}, J.~L. and {Bresolin}, F. and
         {Kudritzki}, R. -P. and {Chornock}, R. and {Berger}, E. and
         {Smith}, K. and {Botticella}, M.~T. and {Foley}, R.~J. and
         {Fraser}, M. and {Milisavljevic}, D. and {Nicholl}, M. and
         {Riess}, A.~G. and {Stubbs}, C.~W. and {Valenti}, S. and
         {Wood-Vasey}, W.~M. and {Wright}, D. and {Young}, D.~R. and
         {Drout}, M. and {Czekala}, I. and {Burgett}, W.~S. and
         {Chambers}, K.~C. and {Draper}, P. and {Flewelling}, H. and
         {Hodapp}, K.~W. and {Kaiser}, N. and {Magnier}, E.~A. and
         {Metcalfe}, N. and {Price}, P.~A. and {Sweeney}, W. and
         {Wainscoat}, R.~J.},
        title = "{The superluminous supernova PS1-11ap: bridging the gap between low and high redshift}",
      journal = {\mnras},
     keywords = {supernovae: general, supernovae: individual: PS1-11ap, Astrophysics - Cosmology and Nongalactic Astrophysics, Astrophysics - High Energy Astrophysical Phenomena, Astrophysics - Solar and Stellar Astrophysics},
         year = "2014",
        month = "Jan",
       volume = {437},
       number = {1},
        pages = {656-674},
          doi = {10.1093/mnras/stt1923},
archivePrefix = {arXiv},
       eprint = {1310.4417},
 primaryClass = {astro-ph.CO},
       adsurl = {https://ui.adsabs.harvard.edu/abs/2014MNRAS.437..656M},
      adsnote = {Provided by the SAO/NASA Astrophysics Data System}
}

@ARTICLE{2014ApJ...780...44C,
       author = {{Chornock}, R. and {Berger}, E. and {Gezari}, S. and {Zauderer}, B.~A. and
         {Rest}, A. and {Chomiuk}, L. and {Kamble}, A. and {Soderberg}, A.~M. and
         {Czekala}, I. and {Dittmann}, J. and {Drout}, M. and {Foley}, R.~J. and
         {Fong}, W. and {Huber}, M.~E. and {Kirshner}, R.~P. and {Lawrence}, A. and
         {Lunnan}, R. and {Marion}, G.~H. and {Narayan}, G. and {Riess}, A.~G. and
         {Roth}, K.~C. and {Sanders}, N.~E. and {Scolnic}, D. and
         {Smartt}, S.~J. and {Smith}, K. and {Stubbs}, C.~W. and {Tonry}, J.~L. and
         {Burgett}, W.~S. and {Chambers}, K.~C. and {Flewelling}, H. and
         {Hodapp}, K.~W. and {Kaiser}, N. and {Magnier}, E.~A. and
         {Martin}, D.~C. and {Neill}, J.~D. and {Price}, P.~A. and
         {Wainscoat}, R.},
        title = "{The Ultraviolet-bright, Slowly Declining Transient PS1-11af as a Partial Tidal Disruption Event}",
      journal = {\apj},
     keywords = {accretion, accretion disks, black hole physics, galaxies: nuclei, Astrophysics - Cosmology and Nongalactic Astrophysics, Astrophysics - High Energy Astrophysical Phenomena},
         year = "2014",
        month = "Jan",
       volume = {780},
       number = {1},
          eid = {44},
        pages = {44},
          doi = {10.1088/0004-637X/780/1/44},
archivePrefix = {arXiv},
       eprint = {1309.3009},
 primaryClass = {astro-ph.CO},
       adsurl = {https://ui.adsabs.harvard.edu/abs/2014ApJ...780...44C},
      adsnote = {Provided by the SAO/NASA Astrophysics Data System}
}

@ARTICLE{2013ApJ...771...97L,
       author = {{Lunnan}, R. and {Chornock}, R. and {Berger}, E. and
         {Milisavljevic}, D. and {Drout}, M. and {Sanders}, N.~E. and
         {Challis}, P.~M. and {Czekala}, I. and {Foley}, R.~J. and {Fong}, W. and
         {Huber}, M.~E. and {Kirshner}, R.~P. and {Leibler}, C. and
         {Marion}, G.~H. and {McCrum}, M. and {Narayan}, G. and {Rest}, A. and
         {Roth}, K.~C. and {Scolnic}, D. and {Smartt}, S.~J. and {Smith}, K. and
         {Soderberg}, A.~M. and {Stubbs}, C.~W. and {Tonry}, J.~L. and
         {Burgett}, W.~S. and {Chambers}, K.~C. and {Kudritzki}, R. -P. and
         {Magnier}, E.~A. and {Price}, P.~A.},
        title = "{PS1-10bzj: A Fast, Hydrogen-poor Superluminous Supernova in a Metal-poor Host Galaxy}",
      journal = {\apj},
     keywords = {supernovae: general, supernovae: individual: PS1-10bzj, Astrophysics - High Energy Astrophysical Phenomena, Astrophysics - Cosmology and Extragalactic Astrophysics},
         year = "2013",
        month = "Jul",
       volume = {771},
       number = {2},
          eid = {97},
        pages = {97},
          doi = {10.1088/0004-637X/771/2/97},
archivePrefix = {arXiv},
       eprint = {1303.1531},
 primaryClass = {astro-ph.HE},
       adsurl = {https://ui.adsabs.harvard.edu/abs/2013ApJ...771...97L},
      adsnote = {Provided by the SAO/NASA Astrophysics Data System}
}

@ARTICLE{2013ApJ...769...56F,
       author = {{Fong}, W. and {Berger}, E. and {Chornock}, R. and {Margutti}, R. and
         {Levan}, A.~J. and {Tanvir}, N.~R. and {Tunnicliffe}, R.~L. and
         {Czekala}, I. and {Fox}, D.~B. and {Perley}, D.~A. and {Cenko}, S.~B. and
         {Zauderer}, B.~A. and {Laskar}, T. and {Persson}, S.~E. and
         {Monson}, A.~J. and {Kelson}, D.~D. and {Birk}, C. and {Murphy}, D. and
         {Servillat}, M. and {Anglada}, G.},
        title = "{Demographics of the Galaxies Hosting Short-duration Gamma-Ray Bursts}",
      journal = {\apj},
     keywords = {gamma-ray burst: general, Astrophysics - High Energy Astrophysical Phenomena},
         year = "2013",
        month = "May",
       volume = {769},
       number = {1},
          eid = {56},
        pages = {56},
          doi = {10.1088/0004-637X/769/1/56},
archivePrefix = {arXiv},
       eprint = {1302.3221},
 primaryClass = {astro-ph.HE},
       adsurl = {https://ui.adsabs.harvard.edu/abs/2013ApJ...769...56F},
      adsnote = {Provided by the SAO/NASA Astrophysics Data System}
}

@ARTICLE{2013ApJ...767..162C,
       author = {{Chornock}, R. and {Berger}, E. and {Rest}, A. and {Milisavljevic}, D. and
         {Lunnan}, R. and {Foley}, R.~J. and {Soderberg}, A.~M. and
         {Smartt}, S.~J. and {Burgasser}, A.~J. and {Challis}, P. and
         {Chomiuk}, L. and {Czekala}, I. and {Drout}, M. and {Fong}, W. and
         {Huber}, M.~E. and {Kirshner}, R.~P. and {Leibler}, C. and
         {McLeod}, B. and {Marion}, G.~H. and {Narayan}, G. and {Riess}, A.~G. and
         {Roth}, K.~C. and {Sanders}, N.~E. and {Scolnic}, D. and {Smith}, K. and
         {Stubbs}, C.~W. and {Tonry}, J.~L. and {Valenti}, S. and
         {Burgett}, W.~S. and {Chambers}, K.~C. and {Hodapp}, K.~W. and
         {Kaiser}, N. and {Kudritzki}, R. -P. and {Magnier}, E.~A. and
         {Price}, P.~A.},
        title = "{PS1-10afx at z = 1.388: Pan-STARRS1 Discovery of a New Type of Superluminous Supernova}",
      journal = {\apj},
     keywords = {supernovae: individual: PS1-10afx, surveys, Astrophysics - Cosmology and Nongalactic Astrophysics, Astrophysics - High Energy Astrophysical Phenomena, Astrophysics - Solar and Stellar Astrophysics},
         year = "2013",
        month = "Apr",
       volume = {767},
       number = {2},
          eid = {162},
        pages = {162},
          doi = {10.1088/0004-637X/767/2/162},
archivePrefix = {arXiv},
       eprint = {1302.0009},
 primaryClass = {astro-ph.CO},
       adsurl = {https://ui.adsabs.harvard.edu/abs/2013ApJ...767..162C},
      adsnote = {Provided by the SAO/NASA Astrophysics Data System}
}

@ARTICLE{2012ApJ...758..132S,
       author = {{Sanders}, N.~E. and {Soderberg}, A.~M. and {Levesque}, E.~M. and
         {Foley}, R.~J. and {Chornock}, R. and {Milisavljevic}, D. and
         {Margutti}, R. and {Berger}, E. and {Drout}, M.~R. and {Czekala}, I. and
         {Dittmann}, J.~A.},
        title = "{A Spectroscopic Study of Type Ibc Supernova Host Galaxies from Untargeted Surveys}",
      journal = {\apj},
     keywords = {galaxies: abundances, supernovae: general, surveys, Astrophysics - High Energy Astrophysical Phenomena, Astrophysics - Cosmology and Extragalactic Astrophysics},
         year = "2012",
        month = "Oct",
       volume = {758},
       number = {2},
          eid = {132},
        pages = {132},
          doi = {10.1088/0004-637X/758/2/132},
archivePrefix = {arXiv},
       eprint = {1206.2643},
 primaryClass = {astro-ph.HE},
       adsurl = {https://ui.adsabs.harvard.edu/abs/2012ApJ...758..132S},
      adsnote = {Provided by the SAO/NASA Astrophysics Data System}
}

@ARTICLE{2012ApJ...756..189F,
       author = {{Fong}, W. and {Berger}, E. and {Margutti}, R. and {Zauderer}, B.~A. and
         {Troja}, E. and {Czekala}, I. and {Chornock}, R. and {Gehrels}, N. and
         {Sakamoto}, T. and {Fox}, D.~B. and {Podsiadlowski}, P.},
        title = "{A Jet Break in the X-Ray Light Curve of Short GRB 111020A: Implications for Energetics and Rates}",
      journal = {\apj},
     keywords = {gamma-ray burst: general, gamma-ray burst: individual: 111020A, Astrophysics - High Energy Astrophysical Phenomena},
         year = "2012",
        month = "Sep",
       volume = {756},
       number = {2},
          eid = {189},
        pages = {189},
          doi = {10.1088/0004-637X/756/2/189},
archivePrefix = {arXiv},
       eprint = {1204.5475},
 primaryClass = {astro-ph.HE},
       adsurl = {https://ui.adsabs.harvard.edu/abs/2012ApJ...756..189F},
      adsnote = {Provided by the SAO/NASA Astrophysics Data System}
}

@ARTICLE{2012ApJ...755L..29B,
       author = {{Berger}, E. and {Chornock}, R. and {Lunnan}, R. and {Foley}, R. and
         {Czekala}, I. and {Rest}, A. and {Leibler}, C. and {Soderberg}, A.~M. and
         {Roth}, K. and {Narayan}, G. and {Huber}, M.~E. and
         {Milisavljevic}, D. and {Sanders}, N.~E. and {Drout}, M. and
         {Margutti}, R. and {Kirshner}, R.~P. and {Marion}, G.~H. and
         {Challis}, P.~J. and {Riess}, A.~G. and {Smartt}, S.~J. and
         {Burgett}, W.~S. and {Hodapp}, K.~W. and {Heasley}, J.~N. and
         {Kaiser}, N. and {Kudritzki}, R. -P. and {Magnier}, E.~A. and
         {McCrum}, M. and {Price}, P.~A. and {Smith}, K. and {Tonry}, J.~L. and
         {Wainscoat}, R.~J.},
        title = "{Ultraluminous Supernovae as a New Probe of the Interstellar Medium in Distant Galaxies}",
      journal = {\apjl},
     keywords = {galaxies: ISM, supernovae: individual: PS1-11bam, Astrophysics - Cosmology and Nongalactic Astrophysics},
         year = "2012",
        month = "Aug",
       volume = {755},
       number = {2},
          eid = {L29},
        pages = {L29},
          doi = {10.1088/2041-8205/755/2/L29},
archivePrefix = {arXiv},
       eprint = {1206.4050},
 primaryClass = {astro-ph.CO},
       adsurl = {https://ui.adsabs.harvard.edu/abs/2012ApJ...755L..29B},
      adsnote = {Provided by the SAO/NASA Astrophysics Data System}
}

@ARTICLE{2011ApJ...743..114C,
       author = {{Chomiuk}, L. and {Chornock}, R. and {Soderberg}, A.~M. and
         {Berger}, E. and {Chevalier}, R.~A. and {Foley}, R.~J. and
         {Huber}, M.~E. and {Narayan}, G. and {Rest}, A. and {Gezari}, S. and
         {Kirshner}, R.~P. and {Riess}, A. and {Rodney}, S.~A. and
         {Smartt}, S.~J. and {Stubbs}, C.~W. and {Tonry}, J.~L. and
         {Wood-Vasey}, W.~M. and {Burgett}, W.~S. and {Chambers}, K.~C. and
         {Czekala}, I. and {Flewelling}, H. and {Forster}, K. and {Kaiser}, N. and
         {Kudritzki}, R. -P. and {Magnier}, E.~A. and {Martin}, D.~C. and
         {Morgan}, J.~S. and {Neill}, J.~D. and {Price}, P.~A. and
         {Roth}, K.~C. and {Sanders}, N.~E. and {Wainscoat}, R.~J.},
        title = "{Pan-STARRS1 Discovery of Two Ultraluminous Supernovae at z {\ensuremath{\approx}} 0.9}",
      journal = {\apj},
     keywords = {circumstellar matter, stars: magnetars, supernovae: general, supernovae: individual: PS1-10ky PS1-10awh, Astrophysics - High Energy Astrophysical Phenomena, Astrophysics - Cosmology and Nongalactic Astrophysics, Astrophysics - Astrophysics of Galaxies, Astrophysics - Solar and Stellar Astrophysics},
         year = "2011",
        month = "Dec",
       volume = {743},
       number = {2},
          eid = {114},
        pages = {114},
          doi = {10.1088/0004-637X/743/2/114},
archivePrefix = {arXiv},
       eprint = {1107.3552},
 primaryClass = {astro-ph.HE},
       adsurl = {https://ui.adsabs.harvard.edu/abs/2011ApJ...743..114C},
      adsnote = {Provided by the SAO/NASA Astrophysics Data System}
}

