@ARTICLE{2021ApJ...908...42P,
       author = {{Pegues}, Jamila and {Czekala}, Ian and {Andrews}, Sean M. and {{\"O}berg}, Karin I. and {Herczeg}, Gregory J. and {Bergner}, Jennifer B. and {Ilsedore Cleeves}, L. and {Guzm{\'a}n}, Viviana V. and {Huang}, Jane and {Long}, Feng and {Teague}, Richard and {Wilner}, David J.},
        title = "{Dynamical Masses and Stellar Evolutionary Model Predictions of M Stars}",
      journal = {\apj},
     keywords = {Stellar masses, Stellar evolutionary models, Protoplanetary disks, CO line emission, 1614, 2046, 1300, 262, Astrophysics - Solar and Stellar Astrophysics, Astrophysics - Earth and Planetary Astrophysics},
         year = 2021,
        month = feb,
       volume = {908},
       number = {1},
          eid = {42},
        pages = {42},
          doi = {10.3847/1538-4357/abd4eb},
archivePrefix = {arXiv},
       eprint = {2101.05838},
 primaryClass = {astro-ph.SR},
       adsurl = {https://ui.adsabs.harvard.edu/abs/2021ApJ...908...42P},
      adsnote = {Provided by the SAO/NASA Astrophysics Data System}
}

@ARTICLE{2021arXiv210211875C,
       author = {{Czekala}, Ian and {Ribas}, {\'A}lvaro and {Cuello}, Nicol{\'a}s and {Chiang}, Eugene and {Mac{\'\i}as}, Enrique and {Duch{\^e}ne}, Gaspard and {Andrews}, Sean M. and {Espaillat}, Catherine C.},
        title = "{A coplanar circumbinary protoplanetary disk in the TWA 3 triple M dwarf system}",
      journal = {arXiv e-prints},
     keywords = {Astrophysics - Earth and Planetary Astrophysics, Astrophysics - Solar and Stellar Astrophysics},
         year = 2021,
        month = feb,
          eid = {arXiv:2102.11875},
        pages = {arXiv:2102.11875},
archivePrefix = {arXiv},
       eprint = {2102.11875},
 primaryClass = {astro-ph.EP},
       adsurl = {https://ui.adsabs.harvard.edu/abs/2021arXiv210211875C},
      adsnote = {Provided by the SAO/NASA Astrophysics Data System}
}

@ARTICLE{2019ApJ...883...22C,
       author = {{Czekala}, Ian and {Chiang}, Eugene and {Andrews}, Sean M. and {Jensen}, Eric L.~N. and {Torres}, Guillermo and {Wilner}, David J. and {Stassun}, Keivan G. and {Macintosh}, Bruce},
        title = "{The Degree of Alignment between Circumbinary Disks and Their Binary Hosts}",
      journal = {\apj},
     keywords = {binaries: close, binaries: spectroscopic, planet{\textendash}disk interactions, protoplanetary disks, stars: pre-main sequence, Astrophysics - Earth and Planetary Astrophysics, Astrophysics - Solar and Stellar Astrophysics},
         year = 2019,
        month = sep,
       volume = {883},
       number = {1},
          eid = {22},
        pages = {22},
          doi = {10.3847/1538-4357/ab287b},
archivePrefix = {arXiv},
       eprint = {1906.03269},
 primaryClass = {astro-ph.EP},
       adsurl = {https://ui.adsabs.harvard.edu/abs/2019ApJ...883...22C},
      adsnote = {Provided by the SAO/NASA Astrophysics Data System}
}

@ARTICLE{2017ApJ...851..132C,
       author = {{Czekala}, Ian and {Andrews}, Sean M. and {Torres}, Guillermo and {Rodriguez}, Joseph E. and {Jensen}, Eric L.~N. and {Stassun}, Keivan G. and {Latham}, David W. and {Wilner}, David J. and {Gully-Santiago}, Michael A. and {Grankin}, Konstantin N. and {Lund}, Michael B. and {Kuhn}, Rudolf B. and {Stevens}, Daniel J. and {Siverd}, Robert J. and {James}, David and {Gaudi}, B. Scott and {Shappee}, Benjamin J. and {Holoien}, Thomas W. -S.},
        title = "{The Architecture of the GW Ori Young Triple-star System and Its Disk: Dynamical Masses, Mutual Inclinations, and Recurrent Eclipses}",
      journal = {\apj},
     keywords = {protoplanetary disks, stars: fundamental parameters, stars: individual: GW Ori, stars: pre-main sequence, Astrophysics - Earth and Planetary Astrophysics, Astrophysics - Solar and Stellar Astrophysics},
         year = 2017,
        month = dec,
       volume = {851},
       number = {2},
          eid = {132},
        pages = {132},
          doi = {10.3847/1538-4357/aa9be7},
archivePrefix = {arXiv},
       eprint = {1710.03153},
 primaryClass = {astro-ph.EP},
       adsurl = {https://ui.adsabs.harvard.edu/abs/2017ApJ...851..132C},
      adsnote = {Provided by the SAO/NASA Astrophysics Data System}
}

@ARTICLE{2017ApJ...840...49C,
       author = {{Czekala}, Ian and {Mandel}, Kaisey S. and {Andrews}, Sean M. and {Dittmann}, Jason A. and {Ghosh}, Sujit K. and {Montet}, Benjamin T. and {Newton}, Elisabeth R.},
        title = "{Disentangling Time-series Spectra with Gaussian Processes: Applications to Radial Velocity Analysis}",
      journal = {\apj},
     keywords = {binaries: spectroscopic, celestial mechanics, stars: fundamental parameters, stars: individual: LP661-13, techniques: radial velocities, techniques: spectroscopic, Astrophysics - Solar and Stellar Astrophysics, Astrophysics - Earth and Planetary Astrophysics, Astrophysics - Instrumentation and Methods for Astrophysics},
         year = 2017,
        month = may,
       volume = {840},
       number = {1},
          eid = {49},
        pages = {49},
          doi = {10.3847/1538-4357/aa6aab},
archivePrefix = {arXiv},
       eprint = {1702.05652},
 primaryClass = {astro-ph.SR},
       adsurl = {https://ui.adsabs.harvard.edu/abs/2017ApJ...840...49C},
      adsnote = {Provided by the SAO/NASA Astrophysics Data System}
}

@ARTICLE{2016ApJ...818..156C,
       author = {{Czekala}, I. and {Andrews}, S.~M. and {Torres}, G. and {Jensen}, E.~L.~N. and {Stassun}, K.~G. and {Wilner}, D.~J. and {Latham}, D.~W.},
        title = "{A Disk-based Dynamical Constraint on the Mass of the Young Binary DQ Tau}",
      journal = {\apj},
     keywords = {protoplanetary disks, stars: fundamental parameters, stars: individual: DQ Tau, stars: pre-main sequence, Astrophysics - Solar and Stellar Astrophysics, Astrophysics - Earth and Planetary Astrophysics},
         year = 2016,
        month = feb,
       volume = {818},
       number = {2},
          eid = {156},
        pages = {156},
          doi = {10.3847/0004-637X/818/2/156},
archivePrefix = {arXiv},
       eprint = {1601.03806},
 primaryClass = {astro-ph.SR},
       adsurl = {https://ui.adsabs.harvard.edu/abs/2016ApJ...818..156C},
      adsnote = {Provided by the SAO/NASA Astrophysics Data System}
}

@ARTICLE{2015ApJ...812..128C,
       author = {{Czekala}, Ian and {Andrews}, Sean M. and {Mandel}, Kaisey S. and {Hogg}, David W. and {Green}, Gregory M.},
        title = "{Constructing a Flexible Likelihood Function for Spectroscopic Inference}",
      journal = {\apj},
     keywords = {methods: data analysis, methods: statistical, stars: fundamental parameters, stars: late-type, stars: statistics, techniques: spectroscopic, Astrophysics - Solar and Stellar Astrophysics, Astrophysics - Earth and Planetary Astrophysics, Astrophysics - Instrumentation and Methods for Astrophysics},
         year = 2015,
        month = oct,
       volume = {812},
       number = {2},
          eid = {128},
        pages = {128},
          doi = {10.1088/0004-637X/812/2/128},
archivePrefix = {arXiv},
       eprint = {1412.5177},
 primaryClass = {astro-ph.SR},
       adsurl = {https://ui.adsabs.harvard.edu/abs/2015ApJ...812..128C},
      adsnote = {Provided by the SAO/NASA Astrophysics Data System}
}

@ARTICLE{2015ApJ...806..154C,
       author = {{Czekala}, I. and {Andrews}, S.~M. and {Jensen}, E.~L.~N. and {Stassun}, K.~G. and {Torres}, G. and {Wilner}, D.~J.},
        title = "{A Disk-based Dynamical Mass Estimate for the Young Binary AK Sco}",
      journal = {\apj},
     keywords = {protoplanetary disks, stars: fundamental parameters, stars: individual: AK Sco, stars: pre-main sequence, Astrophysics - Solar and Stellar Astrophysics, Astrophysics - Earth and Planetary Astrophysics},
         year = 2015,
        month = jun,
       volume = {806},
       number = {2},
          eid = {154},
        pages = {154},
          doi = {10.1088/0004-637X/806/2/154},
archivePrefix = {arXiv},
       eprint = {1505.01850},
 primaryClass = {astro-ph.SR},
       adsurl = {https://ui.adsabs.harvard.edu/abs/2015ApJ...806..154C},
      adsnote = {Provided by the SAO/NASA Astrophysics Data System}
}

@ARTICLE{2013ApJ...765...57C,
       author = {{Czekala}, Ian and {Berger}, E. and {Chornock}, R. and {Pastorello}, A. and {Marion}, G.~H. and {Margutti}, R. and {Botticella}, M.~T. and {Challis}, P. and {Ergon}, M. and {Smartt}, S. and {Sollerman}, J. and {Vink{\'o}}, J. and {Wheeler}, J.~C.},
        title = "{The Unusually Luminous Extragalactic Nova SN 2010U}",
      journal = {\apj},
     keywords = {novae, cataclysmic variables, supernovae: individual: SN 2010U, X-rays: stars, Astrophysics - High Energy Astrophysical Phenomena, Astrophysics - Solar and Stellar Astrophysics},
         year = 2013,
        month = mar,
       volume = {765},
       number = {1},
          eid = {57},
        pages = {57},
          doi = {10.1088/0004-637X/765/1/57},
archivePrefix = {arXiv},
       eprint = {1210.1573},
 primaryClass = {astro-ph.HE},
       adsurl = {https://ui.adsabs.harvard.edu/abs/2013ApJ...765...57C},
      adsnote = {Provided by the SAO/NASA Astrophysics Data System}
}

@ARTICLE{2010ApJ...710..462A,
       author = {{Andrews}, Sean M. and {Czekala}, Ian and {Wilner}, D.~J. and {Espaillat}, Catherine and {Dullemond}, C.~P. and {Hughes}, A.~M.},
        title = "{Truncated Disks in TW Hya Association Multiple Star Systems}",
      journal = {\apj},
     keywords = {binaries: spectroscopic, binaries: visual, circumstellar matter, protoplanetary disks, stars: pre-main sequence, Astrophysics - Solar and Stellar Astrophysics, Astrophysics - Earth and Planetary Astrophysics},
         year = 2010,
        month = feb,
       volume = {710},
       number = {1},
        pages = {462-469},
          doi = {10.1088/0004-637X/710/1/462},
archivePrefix = {arXiv},
       eprint = {0912.3537},
 primaryClass = {astro-ph.SR},
       adsurl = {https://ui.adsabs.harvard.edu/abs/2010ApJ...710..462A},
      adsnote = {Provided by the SAO/NASA Astrophysics Data System}
}

