@ARTICLE{2019arXiv190701676M,
       author = {{Moravec}, Emily and {Czekala}, Ian and {Follette}, Kate and
         {Ahmed}, Zeeshan and {Alpaslan}, Mehmet and {Amon}, Alexandra and
         {Armentrout}, Will and {Arney}, Giada and {Barron}, Darcy and
         {Bellm}, Eric and {Bender}, Amy and {Bridge}, Joanna and
         {Colon}, Knicole and {Datta}, Rahul and {DeRoo}, Casey and {Feng}, Wand
        a and {Florian}, Michael and {Gabriel}, Travis and {Hall}, Kirsten and
         {Hamden}, Erika and {Hathi}, Nimish and {Hawkins}, Keith and
         {Hoadley}, Keri and {Jensen-Clem}, Rebecca and {Kao}, Melodie and
         {Kara}, Erin and {Karkare}, Kirit and {Kiessling}, Alina and
         {Kimball}, Amy and {Kirkpatrick}, Allison and {La Plante}, Paul and
         {Leisenring}, Jarron and {Li}, Miao and {Lomax}, Jamie and
         {Lund}, Michael B. and {McCleary}, Jacqueline and {Mills}, Elisabeth and
         {Montiel}, Edward and {Nelson}, Nicholas and {Nevin}, Rebecca and
         {Norris}, Ryan and {Ntampaka}, Michelle and {O'Donnell}, Christine and
         {Peretz}, Eliad and {Plazas Malagon}, Andres and
         {Prescod-Weinstein}, Chanda and {Pullen}, Anthony and {Rice}, Jared and
         {Roettenbacher}, Rachael and {Sanderson}, Robyn and {Simon}, Jospeh and
         {Smith}, Krista Lynne and {Stevenson}, Kevin and {Veach}, Todd and
         {Wetzel}, Andrew and {Youngblood}, Allison},
        title = "{Astro2020 APC White Paper: The Early Career Perspective on the Coming Decade, Astrophysics Career Paths, and the Decadal Survey Process}",
      journal = {arXiv e-prints},
     keywords = {Astrophysics - Instrumentation and Methods for Astrophysics},
         year = "2019",
        month = "Jul",
          eid = {arXiv:1907.01676},
        pages = {arXiv:1907.01676},
archivePrefix = {arXiv},
       eprint = {1907.01676},
 primaryClass = {astro-ph.IM},
       adsurl = {https://ui.adsabs.harvard.edu/abs/2019arXiv190701676M},
      adsnote = {Provided by the SAO/NASA Astrophysics Data System}
}

@ARTICLE{2019BAAS...51c.355S,
       author = {{Siemiginowska}, Aneta and {Eadie}, Gwendolyn and {Czekala}, Ian and
         {Feigelson}, Eric and {Ford}, Eric B. and {Kashyap}, Vinay and
         {Kuhn}, Michael and {Loredo}, Tom and {Ntampaka}, Michelle and
         {Stevens}, Abbie and {Avelino}, Arturo and {Borne}, Kirk and
         {Budavari}, Tamas and {Burkhart}, Blakesley and {Cisewski-Kehe}, Jessi and
         {Civano}, Francesca and {Chilingarian}, Igor and {van Dyk}, David A. and
         {Fabbiano}, Giuseppina and {Finkbeiner}, Douglas P. and
         {Foreman-Mackey}, Daniel and {Freeman}, Peter and
         {Fruscione}, Antonella and {Goodman}, Alyssa A. and {Graham}, Matthew and
         {Guenther}, Hans Moritz and {Hakkila}, Jon and {Hernquist}, Lars and
         {Huppenkothen}, Daniela and {James}, David J. and {Law}, Casey and
         {Lazio}, Joseph and {Lee}, Thomas and {L{\'o}pez-Morales}, Mercedes and
         {Mahabal}, Ashish A. and {Mandel}, Kaisey and {Meng}, Xiao-Li and
         {Moustakas}, John and {Muna}, Demitri and {Peek}, J.~E.~G. and
         {Richards}, Gordon and {Portillo}, Stephen K.~N. and {Scargle}, Jeff and
         {de Souza}, Rafael S. and {Speagle}, Joshua S. and
         {Stassun}, Keivan G. and {Stenning}, David C. and {Taylor}, Stephen R. and
         {Tremblay}, Grant R. and {Trimble}, Virginia and {Yanamand
        ra-Fisher}, Padma A. and {Young}, C. Alex},
        title = "{The Next Decade of Astroinformatics and Astrostatistics}",
      journal = {\baas},
     keywords = {Astrophysics - Instrumentation and Methods for Astrophysics},
         year = "2019",
        month = "May",
       volume = {51},
       number = {3},
          eid = {355},
        pages = {355},
archivePrefix = {arXiv},
       eprint = {1903.06796},
 primaryClass = {astro-ph.IM},
       adsurl = {https://ui.adsabs.harvard.edu/abs/2019BAAS...51c.355S},
      adsnote = {Provided by the SAO/NASA Astrophysics Data System}
}

