@misc{2016ascl.soft03011C,
	adsnote = {Provided by the SAO/NASA Astrophysics Data System},
	adsurl = {http://adsabs.harvard.edu/abs/2016ascl.soft03011C},
	archiveprefix = {ascl},
	author = {{Czekala}, I.},
	eprint = {1603.011},
	howpublished = {Astrophysics Source Code Library},
	month = mar,
	title = {{DiskJockey: Protoplanetary disk modeling for dynamical mass derivation}},
	year = 2016
}

@article{2016ApJ...818..156C,
	adsnote = {Provided by the SAO/NASA Astrophysics Data System},
	adsurl = {http://adsabs.harvard.edu/abs/2016ApJ...818..156C},
	archiveprefix = {arXiv},
	author = {{Czekala}, I. and {Andrews}, S.~M. and {Torres}, G. and {Jensen}, E.~L.~N. and {Stassun}, K.~G. and {Wilner}, D.~J. and {Latham}, D.~W.},
	doi = {10.3847/0004-637X/818/2/156},
	eid = {156},
	eprint = {1601.03806},
	journal = {\apj},
	keywords = {protoplanetary disks, stars: fundamental parameters, stars: individual: DQ Tau, stars: pre-main sequence},
	month = feb,
	pages = {156},
	primaryclass = {astro-ph.SR},
	title = {{A Disk-based Dynamical Constraint on the Mass of the Young Binary DQ Tau}},
	volume = 818,
	year = 2016
}

@inproceedings{2016AAS...22730904C,
	adsnote = {Provided by the SAO/NASA Astrophysics Data System},
	adsurl = {http://adsabs.harvard.edu/abs/2016AAS...22730904C},
	author = {{Czekala}, I.},
	booktitle = {{American Astronomical Society Meeting Abstracts}},
	eid = {309.04},
	month = jan,
	pages = {309.04},
	series = {{American Astronomical Society Meeting Abstracts}},
	title = {{Using Protoplanetary Disks to Weigh the Youngest Stars and Constrain The Earliest Stages of Stellar Evolution}},
	volume = 227,
	year = 2016
}

@inproceedings{2015ESS.....310506C,
	adsnote = {Provided by the SAO/NASA Astrophysics Data System},
	adsurl = {http://adsabs.harvard.edu/abs/2015ESS.....310506C},
	author = {{Czekala}, I. and {Andrews}, S. and {Jensen}, E. and {Stassun}, K. and {Latham}, D.~W. and {Wilner}, D. and {Torres}, G.},
	booktitle = {{AAS/Division for Extreme Solar Systems Abstracts}},
	eid = {105.06},
	month = dec,
	pages = {105.06},
	series = {{AAS/Division for Extreme Solar Systems Abstracts}},
	title = {{Using Protoplanetary Disks to Weigh the Youngest Stars and Constrain The Earliest Stages of Stellar Evolution}},
	volume = 3,
	year = 2015
}

@article{2015ApJ...812..128C,
	adsnote = {Provided by the SAO/NASA Astrophysics Data System},
	adsurl = {http://adsabs.harvard.edu/abs/2015ApJ...812..128C},
	archiveprefix = {arXiv},
	author = {{Czekala}, I. and {Andrews}, S.~M. and {Mandel}, K.~S. and {Hogg}, D.~W. and {Green}, G.~M.},
	doi = {10.1088/0004-637X/812/2/128},
	eid = {128},
	eprint = {1412.5177},
	journal = {\apj},
	keywords = {methods: data analysis, methods: statistical, stars: fundamental parameters, stars: late-type, stars: statistics, techniques: spectroscopic},
	month = oct,
	pages = {128},
	primaryclass = {astro-ph.SR},
	title = {{Constructing a Flexible Likelihood Function for Spectroscopic Inference}},
	volume = 812,
	year = 2015
}

@article{2015ApJ...806..154C,
	adsnote = {Provided by the SAO/NASA Astrophysics Data System},
	adsurl = {http://adsabs.harvard.edu/abs/2015ApJ...806..154C},
	archiveprefix = {arXiv},
	author = {{Czekala}, I. and {Andrews}, S.~M. and {Jensen}, E.~L.~N. and {Stassun}, K.~G. and {Torres}, G. and {Wilner}, D.~J.},
	doi = {10.1088/0004-637X/806/2/154},
	eid = {154},
	eprint = {1505.01850},
	journal = {\apj},
	keywords = {protoplanetary disks, stars: fundamental parameters, stars: individual: AK Sco, stars: pre-main sequence},
	month = jun,
	pages = {154},
	primaryclass = {astro-ph.SR},
	title = {{A Disk-based Dynamical Mass Estimate for the Young Binary AK Sco}},
	volume = 806,
	year = 2015
}

@misc{2015ascl.soft05007C,
	adsnote = {Provided by the SAO/NASA Astrophysics Data System},
	adsurl = {http://adsabs.harvard.edu/abs/2015ascl.soft05007C},
	archiveprefix = {ascl},
	author = {{Czekala}, I. and {Andrews}, S.~M. and {Mandel}, K.~S. and {Hogg}, D.~W. and {Green}, G.~M.},
	eprint = {1505.007},
	howpublished = {Astrophysics Source Code Library},
	month = may,
	title = {{Starfish: Robust spectroscopic inference tools}},
	year = 2015
}

@article{2015yCat..74370656M,
	adsnote = {Provided by the SAO/NASA Astrophysics Data System},
	adsurl = {http://adsabs.harvard.edu/abs/2015yCat..74370656M},
	author = {{McCrum}, M. and {Smartt}, S.~J. and {Kotak}, R. and {Rest}, A. and {Jerkstrand}, A. and {Inserra}, C. and {Rodney}, S.~A. and {Chen}, T.-W. and {Howell}, D.~A. and {Huber}, M.~E. and {Pastorello}, A. and {Tonry}, J.~L. and {Bresolin}, F. and {Kudritzki}, R.-P. and {Chornock}, R. and {Berger}, E. and {Smith}, K. and {Botticella}, M.~T. and {Foley}, R.~J. and {Fraser}, M. and {Milisavljevic}, D. and {Nicholl}, M. and {Riess}, A.~G. and {Stubbs}, C.~W. and {Valenti}, S. and {Wood-Vasey}, W.~M. and {Wright}, D. and {Young}, D.~R. and {Drout}, M. and {Czekala}, I. and {Burgett}, W.~S. and {Chambers}, K.~C. and {Draper}, P. and {Flewelling}, H. and {Hodapp}, K.~W. and {Kaiser}, N. and {Magnier}, E.~A. and {Metcalfe}, N. and {Price}, P.~A. and {Sweeney}, W. and {Wainscoat}, R.~J.},
	journal = {VizieR Online Data Catalog},
	keywords = {Supernovae, Photometry: SDSS},
	month = mar,
	title = {{VizieR Online Data Catalog: SN PS1-11ap light curves (McCrum+, 2014)}},
	volume = 743,
	year = 2015
}

@article{2014ApJ...797..118F,
	adsnote = {Provided by the SAO/NASA Astrophysics Data System},
	adsurl = {http://adsabs.harvard.edu/abs/2014ApJ...797..118F},
	archiveprefix = {arXiv},
	author = {{Fransson}, C. and {Ergon}, M. and {Challis}, P.~J. and {Chevalier}, R.~A. and {France}, K. and {Kirshner}, R.~P. and {Marion}, G.~H. and {Milisavljevic}, D. and {Smith}, N. and {Bufano}, F. and {Friedman}, A.~S. and {Kangas}, T. and {Larsson}, J. and {Mattila}, S. and {Benetti}, S. and {Chornock}, R. and {Czekala}, I. and {Soderberg}, A. and {Sollerman}, J.},
	doi = {10.1088/0004-637X/797/2/118},
	eid = {118},
	eprint = {1312.6617},
	journal = {\apj},
	keywords = {circumstellar matter, stars: mass-loss, supernovae: general, supernovae: individual: SN 2010jl},
	month = dec,
	pages = {118},
	primaryclass = {astro-ph.HE},
	title = {{High-density Circumstellar Interaction in the Luminous Type IIn SN 2010jl: The First 1100 Days}},
	volume = 797,
	year = 2014
}

@article{2014ApJ...795...44R,
	adsnote = {Provided by the SAO/NASA Astrophysics Data System},
	adsurl = {http://adsabs.harvard.edu/abs/2014ApJ...795...44R},
	archiveprefix = {arXiv},
	author = {{Rest}, A. and {Scolnic}, D. and {Foley}, R.~J. and {Huber}, M.~E. and {Chornock}, R. and {Narayan}, G. and {Tonry}, J.~L. and {Berger}, E. and {Soderberg}, A.~M. and {Stubbs}, C.~W. and {Riess}, A. and {Kirshner}, R.~P. and {Smartt}, S.~J. and {Schlafly}, E. and {Rodney}, S. and {Botticella}, M.~T. and {Brout}, D. and {Challis}, P. and {Czekala}, I. and {Drout}, M. and {Hudson}, M.~J. and {Kotak}, R. and {Leibler}, C. and {Lunnan}, R. and {Marion}, G.~H. and {McCrum}, M. and {Milisavljevic}, D. and {Pastorello}, A. and {Sanders}, N.~E. and {Smith}, K. and {Stafford}, E. and {Thilker}, D. and {Valenti}, S. and {Wood-Vasey}, W.~M. and {Zheng}, Z. and {Burgett}, W.~S. and {Chambers}, K.~C. and {Denneau}, L. and {Draper}, P.~W. and {Flewelling}, H. and {Hodapp}, K.~W. and {Kaiser}, N. and {Kudritzki}, R.-P. and {Magnier}, E.~A. and {Metcalfe}, N. and {Price}, P.~A. and {Sweeney}, W. and {Wainscoat}, R. and {Waters}, C.},
	doi = {10.1088/0004-637X/795/1/44},
	eid = {44},
	eprint = {1310.3828},
	journal = {\apj},
	keywords = {cosmological parameters, cosmology: observations, dark energy, supernovae: general},
	month = nov,
	pages = {44},
	title = {{Cosmological Constraints from Measurements of Type Ia Supernovae Discovered during the First 1.5 yr of the Pan-STARRS1 Survey}},
	volume = 795,
	year = 2014
}

@article{2014ApJ...795...45S,
	adsnote = {Provided by the SAO/NASA Astrophysics Data System},
	adsurl = {http://adsabs.harvard.edu/abs/2014ApJ...795...45S},
	archiveprefix = {arXiv},
	author = {{Scolnic}, D. and {Rest}, A. and {Riess}, A. and {Huber}, M.~E. and {Foley}, R.~J. and {Brout}, D. and {Chornock}, R. and {Narayan}, G. and {Tonry}, J.~L. and {Berger}, E. and {Soderberg}, A.~M. and {Stubbs}, C.~W. and {Kirshner}, R.~P. and {Rodney}, S. and {Smartt}, S.~J. and {Schlafly}, E. and {Botticella}, M.~T. and {Challis}, P. and {Czekala}, I. and {Drout}, M. and {Hudson}, M.~J. and {Kotak}, R. and {Leibler}, C. and {Lunnan}, R. and {Marion}, G.~H. and {McCrum}, M. and {Milisavljevic}, D. and {Pastorello}, A. and {Sanders}, N.~E. and {Smith}, K. and {Stafford}, E. and {Thilker}, D. and {Valenti}, S. and {Wood-Vasey}, W.~M. and {Zheng}, Z. and {Burgett}, W.~S. and {Chambers}, K.~C. and {Denneau}, L. and {Draper}, P.~W. and {Flewelling}, H. and {Hodapp}, K.~W. and {Kaiser}, N. and {Kudritzki}, R.-P. and {Magnier}, E.~A. and {Metcalfe}, N. and {Price}, P.~A. and {Sweeney}, W. and {Wainscoat}, R. and {Waters}, C.},
	doi = {10.1088/0004-637X/795/1/45},
	eid = {45},
	eprint = {1310.3824},
	journal = {\apj},
	keywords = {dark energy, supernovae: general},
	month = nov,
	pages = {45},
	title = {{Systematic Uncertainties Associated with the Cosmological Analysis of the First Pan-STARRS1 Type Ia Supernova Sample}},
	volume = 795,
	year = 2014
}

@inproceedings{2014AAS...22432201C,
	adsnote = {Provided by the SAO/NASA Astrophysics Data System},
	adsurl = {http://adsabs.harvard.edu/abs/2014AAS...22432201C},
	author = {{Czekala}, I. and {Andrews}, S.~M. and {Latham}, D.~W. and {Torres}, G.},
	booktitle = {{American Astronomical Society Meeting Abstracts \#224}},
	eid = {322.01},
	month = jun,
	pages = {322.01},
	series = {{American Astronomical Society Meeting Abstracts}},
	title = {{A Novel Tool for the Spectroscopic Inference of Fundamental Stellar Parameters}},
	volume = 224,
	year = 2014
}

@article{2014ApJ...780...44C,
	adsnote = {Provided by the SAO/NASA Astrophysics Data System},
	adsurl = {http://adsabs.harvard.edu/abs/2014ApJ...780...44C},
	archiveprefix = {arXiv},
	author = {{Chornock}, R. and {Berger}, E. and {Gezari}, S. and {Zauderer}, B.~A. and {Rest}, A. and {Chomiuk}, L. and {Kamble}, A. and {Soderberg}, A.~M. and {Czekala}, I. and {Dittmann}, J. and {Drout}, M. and {Foley}, R.~J. and {Fong}, W. and {Huber}, M.~E. and {Kirshner}, R.~P. and {Lawrence}, A. and {Lunnan}, R. and {Marion}, G.~H. and {Narayan}, G. and {Riess}, A.~G. and {Roth}, K.~C. and {Sanders}, N.~E. and {Scolnic}, D. and {Smartt}, S.~J. and {Smith}, K. and {Stubbs}, C.~W. and {Tonry}, J.~L. and {Burgett}, W.~S. and {Chambers}, K.~C. and {Flewelling}, H. and {Hodapp}, K.~W. and {Kaiser}, N. and {Magnier}, E.~A. and {Martin}, D.~C. and {Neill}, J.~D. and {Price}, P.~A. and {Wainscoat}, R.},
	doi = {10.1088/0004-637X/780/1/44},
	eid = {44},
	eprint = {1309.3009},
	journal = {\apj},
	keywords = {accretion, accretion disks, black hole physics, galaxies: nuclei},
	month = jan,
	pages = {44},
	title = {{The Ultraviolet-bright, Slowly Declining Transient PS1-11af as a Partial Tidal Disruption Event}},
	volume = 780,
	year = 2014
}

@article{2014MNRAS.437..656M,
	adsnote = {Provided by the SAO/NASA Astrophysics Data System},
	adsurl = {http://adsabs.harvard.edu/abs/2014MNRAS.437..656M},
	archiveprefix = {arXiv},
	author = {{McCrum}, M. and {Smartt}, S.~J. and {Kotak}, R. and {Rest}, A. and {Jerkstrand}, A. and {Inserra}, C. and {Rodney}, S.~A. and {Chen}, T.-W. and {Howell}, D.~A. and {Huber}, M.~E. and {Pastorello}, A. and {Tonry}, J.~L. and {Bresolin}, F. and {Kudritzki}, R.-P. and {Chornock}, R. and {Berger}, E. and {Smith}, K. and {Botticella}, M.~T. and {Foley}, R.~J. and {Fraser}, M. and {Milisavljevic}, D. and {Nicholl}, M. and {Riess}, A.~G. and {Stubbs}, C.~W. and {Valenti}, S. and {Wood-Vasey}, W.~M. and {Wright}, D. and {Young}, D.~R. and {Drout}, M. and {Czekala}, I. and {Burgett}, W.~S. and {Chambers}, K.~C. and {Draper}, P. and {Flewelling}, H. and {Hodapp}, K.~W. and {Kaiser}, N. and {Magnier}, E.~A. and {Metcalfe}, N. and {Price}, P.~A. and {Sweeney}, W. and {Wainscoat}, R.~J.},
	doi = {10.1093/mnras/stt1923},
	eprint = {1310.4417},
	journal = {\mnras},
	keywords = {supernovae: general, supernovae: individual: PS1-11ap},
	month = jan,
	pages = {656--674},
	title = {{The superluminous supernova PS1-11ap: bridging the gap between low and high redshift}},
	volume = 437,
	year = 2014
}

@article{2013ApJ...771...97L,
	adsnote = {Provided by the SAO/NASA Astrophysics Data System},
	adsurl = {http://adsabs.harvard.edu/abs/2013ApJ...771...97L},
	archiveprefix = {arXiv},
	author = {{Lunnan}, R. and {Chornock}, R. and {Berger}, E. and {Milisavljevic}, D. and {Drout}, M. and {Sanders}, N.~E. and {Challis}, P.~M. and {Czekala}, I. and {Foley}, R.~J. and {Fong}, W. and {Huber}, M.~E. and {Kirshner}, R.~P. and {Leibler}, C. and {Marion}, G.~H. and {McCrum}, M. and {Narayan}, G. and {Rest}, A. and {Roth}, K.~C. and {Scolnic}, D. and {Smartt}, S.~J. and {Smith}, K. and {Soderberg}, A.~M. and {Stubbs}, C.~W. and {Tonry}, J.~L. and {Burgett}, W.~S. and {Chambers}, K.~C. and {Kudritzki}, R.-P. and {Magnier}, E.~A. and {Price}, P.~A.},
	doi = {10.1088/0004-637X/771/2/97},
	eid = {97},
	eprint = {1303.1531},
	journal = {\apj},
	keywords = {supernovae: general, supernovae: individual: PS1-10bzj },
	month = jul,
	pages = {97},
	primaryclass = {astro-ph.HE},
	title = {{PS1-10bzj: A Fast, Hydrogen-poor Superluminous Supernova in a Metal-poor Host Galaxy}},
	volume = 771,
	year = 2013
}

@article{2013ApJ...769...56F,
	adsnote = {Provided by the SAO/NASA Astrophysics Data System},
	adsurl = {http://adsabs.harvard.edu/abs/2013ApJ...769...56F},
	archiveprefix = {arXiv},
	author = {{Fong}, W. and {Berger}, E. and {Chornock}, R. and {Margutti}, R. and {Levan}, A.~J. and {Tanvir}, N.~R. and {Tunnicliffe}, R.~L. and {Czekala}, I. and {Fox}, D.~B. and {Perley}, D.~A. and {Cenko}, S.~B. and {Zauderer}, B.~A. and {Laskar}, T. and {Persson}, S.~E. and {Monson}, A.~J. and {Kelson}, D.~D. and {Birk}, C. and {Murphy}, D. and {Servillat}, M. and {Anglada}, G.},
	doi = {10.1088/0004-637X/769/1/56},
	eid = {56},
	eprint = {1302.3221},
	journal = {\apj},
	keywords = {gamma-ray burst: general},
	month = may,
	pages = {56},
	primaryclass = {astro-ph.HE},
	title = {{Demographics of the Galaxies Hosting Short-duration Gamma-Ray Bursts}},
	volume = 769,
	year = 2013
}

@article{2013ApJ...767..162C,
	adsnote = {Provided by the SAO/NASA Astrophysics Data System},
	adsurl = {http://adsabs.harvard.edu/abs/2013ApJ...767..162C},
	archiveprefix = {arXiv},
	author = {{Chornock}, R. and {Berger}, E. and {Rest}, A. and {Milisavljevic}, D. and {Lunnan}, R. and {Foley}, R.~J. and {Soderberg}, A.~M. and {Smartt}, S.~J. and {Burgasser}, A.~J. and {Challis}, P. and {Chomiuk}, L. and {Czekala}, I. and {Drout}, M. and {Fong}, W. and {Huber}, M.~E. and {Kirshner}, R.~P. and {Leibler}, C. and {McLeod}, B. and {Marion}, G.~H. and {Narayan}, G. and {Riess}, A.~G. and {Roth}, K.~C. and {Sanders}, N.~E. and {Scolnic}, D. and {Smith}, K. and {Stubbs}, C.~W. and {Tonry}, J.~L. and {Valenti}, S. and {Burgett}, W.~S. and {Chambers}, K.~C. and {Hodapp}, K.~W. and {Kaiser}, N. and {Kudritzki}, R.-P. and {Magnier}, E.~A. and {Price}, P.~A.},
	doi = {10.1088/0004-637X/767/2/162},
	eid = {162},
	eprint = {1302.0009},
	journal = {\apj},
	keywords = {supernovae: individual: PS1-10afx, surveys},
	month = apr,
	pages = {162},
	title = {{PS1-10afx at z = 1.388: Pan-STARRS1 Discovery of a New Type of Superluminous Supernova}},
	volume = 767,
	year = 2013
}

@article{2013ApJ...765...57C,
	adsnote = {Provided by the SAO/NASA Astrophysics Data System},
	adsurl = {http://adsabs.harvard.edu/abs/2013ApJ...765...57C},
	archiveprefix = {arXiv},
	author = {{Czekala}, I. and {Berger}, E. and {Chornock}, R. and {Pastorello}, A. and {Marion}, G.~H. and {Margutti}, R. and {Botticella}, M.~T. and {Challis}, P. and {Ergon}, M. and {Smartt}, S. and {Sollerman}, J. and {Vink\'{o}}, J. and {Wheeler}, J.~C.},
	doi = {10.1088/0004-637X/765/1/57},
	eid = {57},
	eprint = {1210.1573},
	journal = {\apj},
	keywords = {novae, cataclysmic variables, supernovae: individual: SN 2010U, X-rays: stars},
	month = mar,
	pages = {57},
	primaryclass = {astro-ph.HE},
	title = {{The Unusually Luminous Extragalactic Nova SN 2010U}},
	volume = 765,
	year = 2013
}

@inproceedings{2013AAS...22125304M,
	adsnote = {Provided by the SAO/NASA Astrophysics Data System},
	adsurl = {http://adsabs.harvard.edu/abs/2013AAS...22125304M},
	author = {{McKinnon}, R. and {Soderberg}, A.~M. and {Berger}, E. and {Chornock}, R. and {Czekala}, I. and {Milisavljevic}, D. and {Margutti}, R. and {Drout}, M. and {Challis}, P. and {Gezari}, S. and {Huber}, M. and {Burgett}, W.~S. and {Chambers}, K.~C. and {Grav}, T. and {Heasley}, J.~N. and {Hodapp}, K.~W. and {Jedicke}, R. and {Kaiser}, N. and {Kudritzki}, R. and {Luppino}, G. and {Lupton}, R. and {Magnier}, E.~A. and {Monet}, D.~G. and {Morgan}, J.~S. and {Onaka}, P. and {Price}, P.~A. and {Stubbs}, C. and {Tonry}, J.~L. and {Wainscoat}, R.~J.},
	booktitle = {{American Astronomical Society Meeting Abstracts \#221}},
	eid = {253.04},
	month = jan,
	pages = {253.04},
	series = {{American Astronomical Society Meeting Abstracts}},
	title = {{Discovery of the Ultraluminous Type IIn Supernova PS1-11vo}},
	volume = 221,
	year = 2013
}

@article{2012ApJ...758..132S,
	adsnote = {Provided by the SAO/NASA Astrophysics Data System},
	adsurl = {http://adsabs.harvard.edu/abs/2012ApJ...758..132S},
	archiveprefix = {arXiv},
	author = {{Sanders}, N.~E. and {Soderberg}, A.~M. and {Levesque}, E.~M. and {Foley}, R.~J. and {Chornock}, R. and {Milisavljevic}, D. and {Margutti}, R. and {Berger}, E. and {Drout}, M.~R. and {Czekala}, I. and {Dittmann}, J.~A.},
	doi = {10.1088/0004-637X/758/2/132},
	eid = {132},
	eprint = {1206.2643},
	journal = {\apj},
	keywords = {galaxies: abundances, supernovae: general, surveys},
	month = oct,
	pages = {132},
	primaryclass = {astro-ph.HE},
	title = {{A Spectroscopic Study of Type Ibc Supernova Host Galaxies from Untargeted Surveys}},
	volume = 758,
	year = 2012
}

@article{2012ApJ...756..189F,
	adsnote = {Provided by the SAO/NASA Astrophysics Data System},
	adsurl = {http://adsabs.harvard.edu/abs/2012ApJ...756..189F},
	archiveprefix = {arXiv},
	author = {{Fong}, W. and {Berger}, E. and {Margutti}, R. and {Zauderer}, B.~A. and {Troja}, E. and {Czekala}, I. and {Chornock}, R. and {Gehrels}, N. and {Sakamoto}, T. and {Fox}, D.~B. and {Podsiadlowski}, P.},
	doi = {10.1088/0004-637X/756/2/189},
	eid = {189},
	eprint = {1204.5475},
	journal = {\apj},
	keywords = {gamma-ray burst: general, gamma-ray burst: individual: 111020A},
	month = sep,
	pages = {189},
	primaryclass = {astro-ph.HE},
	title = {{A Jet Break in the X-Ray Light Curve of Short GRB 111020A: Implications for Energetics and Rates}},
	volume = 756,
	year = 2012
}

@article{2012ApJ...755L..29B,
	adsnote = {Provided by the SAO/NASA Astrophysics Data System},
	adsurl = {http://adsabs.harvard.edu/abs/2012ApJ...755L..29B},
	archiveprefix = {arXiv},
	author = {{Berger}, E. and {Chornock}, R. and {Lunnan}, R. and {Foley}, R. and {Czekala}, I. and {Rest}, A. and {Leibler}, C. and {Soderberg}, A.~M. and {Roth}, K. and {Narayan}, G. and {Huber}, M.~E. and {Milisavljevic}, D. and {Sanders}, N.~E. and {Drout}, M. and {Margutti}, R. and {Kirshner}, R.~P. and {Marion}, G.~H. and {Challis}, P.~J. and {Riess}, A.~G. and {Smartt}, S.~J. and {Burgett}, W.~S. and {Hodapp}, K.~W. and {Heasley}, J.~N. and {Kaiser}, N. and {Kudritzki}, R.-P. and {Magnier}, E.~A. and {McCrum}, M. and {Price}, P.~A. and {Smith}, K. and {Tonry}, J.~L. and {Wainscoat}, R.~J.},
	doi = {10.1088/2041-8205/755/2/L29},
	eid = {L29},
	eprint = {1206.4050},
	journal = {\apjl},
	keywords = {galaxies: ISM, supernovae: individual: PS1-11bam},
	month = aug,
	pages = {L29},
	title = {{Ultraluminous Supernovae as a New Probe of the Interstellar Medium in Distant Galaxies}},
	volume = 755,
	year = 2012
}

@inproceedings{2012AAS...22043713B,
	adsnote = {Provided by the SAO/NASA Astrophysics Data System},
	adsurl = {http://adsabs.harvard.edu/abs/2012AAS...22043713B},
	author = {{Beaton}, R. and {Jackson}, L. and {Carlberg}, J. and {Johnson}, K. and {Marchand}, R. and {Sivakoff}, G. and {Czekala}, I. and {Damke}, G. and {Dean}, J. and {Drosback}, M. and {Gugliucci}, N. and {Martinez}, O. and {Wong}, A. and {Zasowski}, G. and {Skies}, D. and {Kids}, B.},
	booktitle = {{American Astronomical Society Meeting Abstracts \#220}},
	eid = {437.13},
	month = may,
	pages = {437.13},
	series = {{American Astronomical Society Meeting Abstracts}},
	title = {{Snapshots of the Universe: A Multi-Lingual Astronomy Art Book}},
	volume = 220,
	year = 2012
}

@article{2011ApJ...743..114C,
	adsnote = {Provided by the SAO/NASA Astrophysics Data System},
	adsurl = {http://adsabs.harvard.edu/abs/2011ApJ...743..114C},
	archiveprefix = {arXiv},
	author = {{Chomiuk}, L. and {Chornock}, R. and {Soderberg}, A.~M. and {Berger}, E. and {Chevalier}, R.~A. and {Foley}, R.~J. and {Huber}, M.~E. and {Narayan}, G. and {Rest}, A. and {Gezari}, S. and {Kirshner}, R.~P. and {Riess}, A. and {Rodney}, S.~A. and {Smartt}, S.~J. and {Stubbs}, C.~W. and {Tonry}, J.~L. and {Wood-Vasey}, W.~M. and {Burgett}, W.~S. and {Chambers}, K.~C. and {Czekala}, I. and {Flewelling}, H. and {Forster}, K. and {Kaiser}, N. and {Kudritzki}, R.-P. and {Magnier}, E.~A. and {Martin}, D.~C. and {Morgan}, J.~S. and {Neill}, J.~D. and {Price}, P.~A. and {Roth}, K.~C. and {Sanders}, N.~E. and {Wainscoat}, R.~J.},
	doi = {10.1088/0004-637X/743/2/114},
	eid = {114},
	eprint = {1107.3552},
	journal = {\apj},
	keywords = {circumstellar matter, stars: magnetars, supernovae: general, supernovae: individual: PS1-10ky PS1-10awh},
	month = dec,
	pages = {114},
	primaryclass = {astro-ph.HE},
	title = {{Pan-STARRS1 Discovery of Two Ultraluminous Supernovae at z {\ap} 0.9}},
	volume = 743,
	year = 2011
}

@article{2011ATel.3726....1C,
	adsnote = {Provided by the SAO/NASA Astrophysics Data System},
	adsurl = {http://adsabs.harvard.edu/abs/2011ATel.3726....1C},
	author = {{Chornock}, R. and {Czekala}, I. and {Berger}, E.},
	journal = {The Astronomer's Telegram},
	keywords = {Optical, Supernovae, Transient, Variables},
	month = oct,
	title = {{Significant Optical Rebrightening of SN 2010da in NGC 300}},
	volume = 3726,
	year = 2011
}

@inproceedings{2011AAS...21812711C,
	adsnote = {Provided by the SAO/NASA Astrophysics Data System},
	adsurl = {http://adsabs.harvard.edu/abs/2011AAS...21812711C},
	author = {{Czekala}, I. and {Chornock}, R. and {Berger}, E. and {Pastorello}, A. and {Marion}, G.~H. and {Challis}, P. and {Wheeler}, J.~C. and {Botticella}, M.~T. and {Smartt}, S. and {Ergon}, M. and {Sollerman}, J.},
	booktitle = {{American Astronomical Society Meeting Abstracts \#218}},
	eid = {127.11},
	month = may,
	pages = {127.11},
	series = {{Bulletin of the American Astronomical Society}},
	title = {{The Unusually Luminous Extragalactic Nova SN 2010U}},
	volume = 43,
	year = 2011
}

@inproceedings{2011AAS...21833311S,
	adsnote = {Provided by the SAO/NASA Astrophysics Data System},
	adsurl = {http://adsabs.harvard.edu/abs/2011AAS...21833311S},
	author = {{Sanders}, N. and {Newton}, E.~R. and {Czekala}, I. and {Rosenfeld}, K. and {Dressing}, C.~D. and {Gifford}, D. and {Suresh}, J. and {Schneider}, E. and {Morley}, C. and {Kohler}, S.},
	booktitle = {{American Astronomical Society Meeting Abstracts \#218}},
	eid = {333.11},
	month = may,
	pages = {333.11},
	series = {{Bulletin of the American Astronomical Society}},
	title = {{Astrobites: The Astro-ph Reader's Digest For Undergraduates}},
	volume = 43,
	year = 2011
}

@article{2011ATel.3190....1C,
	adsnote = {Provided by the SAO/NASA Astrophysics Data System},
	adsurl = {http://adsabs.harvard.edu/abs/2011ATel.3190....1C},
	author = {{Chornock}, R. and {Czekala}, I. and {Huber}, M. and {Foley}, R.~J. and {Rest}, A. and {Narayan}, G. and {Berger}, E. and {Challis}, P. and {Kirshner}, R.~P. and {Soderberg}, A.~M. and {Stubbs}, C. and {Tonry}, J. and {Riess}, A. and {Wood-Vasey}, W.~M. and {Smartt}, S.~J. and {Magnier}, E. and {Chambers}, K. and {Kaiser}, N. and {Morgan}, J. and {Burgett}, W. and {Heasley}, J. and {Sweeney}, W. and {Waters}, C. and {Flewelling}, H. and {Price}, P.~A.},
	journal = {The Astronomer's Telegram},
	keywords = {Optical, Supernovae, Transient},
	month = feb,
	title = {{Spectroscopic Confirmation of PS1 MDS Supernova Discoveries With the MMT}},
	volume = 3190,
	year = 2011
}

@inproceedings{2010DPS....42.3708R,
	adsnote = {Provided by the SAO/NASA Astrophysics Data System},
	adsurl = {http://adsabs.harvard.edu/abs/2010DPS....42.3708R},
	author = {{Ries}, P. and {Johnson}, K. and {Zasowski}, G. and {Beaton}, R. and {Carlberg}, J. and {Czekala}, I. and {de Messieres}, G. and {Drosback}, M. and {Gugliucci}, N. and {Jackson}, L. and {Lynch}, R. and {Romero}, C. and {Sivakoff}, G. and {Whelan}, D. and {Wong}, A.},
	booktitle = {{AAS/Division for Planetary Sciences Meeting Abstracts \#42}},
	eid = {37.08},
	month = oct,
	pages = {969},
	series = {{Bulletin of the American Astronomical Society}},
	title = {{''Dark Skies, Bright Kids'' - First Year Of Outreach In Rural Virginia}},
	volume = 42,
	year = 2010
}

@article{2010ApJ...710..462A,
	adsnote = {Provided by the SAO/NASA Astrophysics Data System},
	adsurl = {http://adsabs.harvard.edu/abs/2010ApJ...710..462A},
	archiveprefix = {arXiv},
	author = {{Andrews}, S.~M. and {Czekala}, I. and {Wilner}, D.~J. and {Espaillat}, C. and {Dullemond}, C.~P. and {Hughes}, A.~M.},
	doi = {10.1088/0004-637X/710/1/462},
	eprint = {0912.3537},
	journal = {\apj},
	keywords = {binaries: spectroscopic, binaries: visual, circumstellar matter, protoplanetary disks, stars: pre-main sequence},
	month = feb,
	pages = {462--469},
	primaryclass = {astro-ph.SR},
	title = {{Truncated Disks in TW Hya Association Multiple Star Systems}},
	volume = 710,
	year = 2010
}

@inproceedings{2010AAS...21544501Z,
	adsnote = {Provided by the SAO/NASA Astrophysics Data System},
	adsurl = {http://adsabs.harvard.edu/abs/2010AAS...21544501Z},
	author = {{Zasowski}, G. and {Johnson}, K. and {Beaton}, R. and {Carlberg}, J. and {Czekala}, I. and {de Messieres}, G. and {Drosback}, M. and {Filipetti}, C. and {Gugliucci}, N. and {Hoeft}, A. and {Jackson}, L. and {Lynch}, R. and {Romero}, C. and {Sivakoff}, G. and {Whelan}, D. and {Wong}, A.},
	booktitle = {{American Astronomical Society Meeting Abstracts \#215}},
	eid = {445.01},
	month = jan,
	pages = {410},
	series = {{Bulletin of the American Astronomical Society}},
	title = {{''Dark Skies, Bright Kids'' -- Astronomy Education and Outreach in Rural Virginia}},
	volume = 42,
	year = 2010
}

@inproceedings{2010AAS...21542805C,
	adsnote = {Provided by the SAO/NASA Astrophysics Data System},
	adsurl = {http://adsabs.harvard.edu/abs/2010AAS...21542805C},
	author = {{Czekala}, I. and {Andrews}, S.},
	booktitle = {{American Astronomical Society Meeting Abstracts \#215}},
	eid = {428.05},
	month = jan,
	pages = {345},
	series = {{Bulletin of the American Astronomical Society}},
	title = {{Truncated Disks in TW Hya Association Multiple Star Systems}},
	volume = 42,
	year = 2010
}

